
@article{economet,
	title = {Econometric Analysis of Cross Section and Panel Data},
	langid = {en}
}

@misc{wooldridge2010,
	title = {Econometric Analysis of Cross Section and Panel Data},
	author = {Wooldridge, Jeff},
	year = {2010},
	date = {2010},
	url = {https://mitpress.mit.edu/9780262232586/econometric-analysis-of-cross-section-and-panel-data/},
	langid = {canadian}
}

@book{dalpiaz,
	title = {Applied Statistics with R},
	author = {Dalpiaz, David},
	url = {https://book.stat420.org/}
}

@book{doogue,
	title = {Common statistical tests are linear models: a work through},
	author = {Doogue, Steve},
	url = {https://steverxd.github.io/Stat_tests/}
}
