
@article{dempster1977,
	title = {Maximum Likelihood from Incomplete Data Via the EM Algorithm},
	author = {Dempster, A. P. and Laird, N. M. and Rubin, D. B.},
	year = {1977},
	date = {1977},
	journal = {Journal of the Royal Statistical Society: Series B (Methodological)},
	pages = {1--22},
	volume = {39},
	number = {1},
	doi = {10.1111/j.2517-6161.1977.tb01600.x},
	url = {https://onlinelibrary.wiley.com/doi/abs/10.1111/j.2517-6161.1977.tb01600.x},
	note = {{\_}eprint: https://onlinelibrary.wiley.com/doi/pdf/10.1111/j.2517-6161.1977.tb01600.x},
	langid = {en}
}
