
@article{rubin1974,
	title = {Estimating causal effects of treatments in randomized and nonrandomized studies.},
	author = {Rubin, Donald B.},
	year = {1974},
	month = {10},
	date = {1974-10},
	journal = {Journal of Educational Psychology},
	pages = {688--701},
	volume = {66},
	number = {5},
	doi = {10.1037/h0037350},
	url = {http://doi.apa.org/getdoi.cfm?doi=10.1037/h0037350},
	langid = {en}
}

@article{neal,
	title = {Introduction to Causal Inference},
	author = {Neal, Brady},
	langid = {en}
}

@book{morgan2014,
	title = {Counterfactuals and Causal Inference: Methods and Principles for Social Research},
	author = {Morgan, Stephen L. and Winship, Christopher},
	year = {2014},
	month = {11},
	date = {2014-11-17},
	publisher = {Cambridge University Press},
	edition = {2},
	doi = {10.1017/CBO9781107587991},
	url = {https://www.cambridge.org/core/product/identifier/9781107587991/type/book},
	note = {DOI: 10.1017/CBO9781107587991}
}

@article{holland1986,
	title = {Statistics and Causal Inference},
	author = {Holland, Paul W.},
	year = {1986},
	date = {1986},
	journal = {Journal of the American Statistical Association},
	pages = {945--960},
	volume = {81},
	number = {396},
	doi = {10.2307/2289064},
	url = {https://www.jstor.org/stable/2289064},
	note = {Publisher: [American Statistical Association, Taylor & Francis, Ltd.]}
}

@article{cox2000,
	title = {The Theory of Design of Experiments},
	author = {Cox, David and Reid, Nancy},
	year = {2000},
	month = {01},
	date = {2000-01-01}
}

@book{stock2020,
	title = {Introduction to econometrics},
	author = {Stock, James H. and Watson, Mark W.},
	year = {2020},
	date = {2020},
	publisher = {Pearson},
	series = {The Pearson series in economics},
	edition = {Fourth edition, global edition},
	address = {Harlow, England London New York Boston San Francisco Toronto Sydney Dubai Singapore Hong Kong Tokyo Seoul Taipei New Delhi Cape Town Sao Paulo Mexico City Madrid Amsterdam Munich Paris Milan},
	langid = {en}
}

@article{dee2004,
	title = {Are there civic returns to education?},
	author = {Dee, Thomas S.},
	year = {2004},
	month = {08},
	date = {2004-08-01},
	journal = {Journal of Public Economics},
	pages = {1697--1720},
	volume = {88},
	number = {9},
	doi = {10.1016/j.jpubeco.2003.11.002},
	url = {https://www.sciencedirect.com/science/article/pii/S0047272703002068},
	langid = {en}
}

@book{bailey,
	title = {Real Econometrics: The Right Tools to Answer Important Questions},
	author = {Bailey, Michael},
	edition = {2}
}

@book{bailey2019,
	title = {Real Econometrics: The Right Tools to Answer Important Questions},
	author = {Bailey, Michael},
	year = {2019},
	month = {01},
	date = {2019-01-03},
	publisher = {Oxford Unversity Press},
	edition = {2}
}

@article{gormley2005,
	title = {Promoting School Readiness in Oklahoma: An Evaluation of Tulsa's Pre-K Program},
	author = {Gormley, William T. and Gayer, Ted},
	year = {2005},
	date = {2005},
	journal = {The Journal of Human Resources},
	pages = {533--558},
	volume = {40},
	number = {3},
	url = {https://www.jstor.org/stable/4129551},
	note = {Publisher: [University of Wisconsin Press, Board of Regents of the University of Wisconsin System]}
}

@article{neal2020,
	title = {Introduction to Causal Inference},
	author = {Neal, Brady},
	year = {2020},
	month = {12},
	date = {2020-12-17},
	langid = {en}
}

@article{neal2020a,
	title = {Introduction to Causal Inference},
	author = {Neal, Brady},
	year = {2020},
	month = {12},
	date = {2020-12-17},
	langid = {en}
}

@article{neal2020b,
	title = {Introduction to Causal Inference},
	author = {Neal, Brady},
	year = {2020},
	month = {12},
	date = {2020-12-17},
	langid = {en}
}

@book{wooldridge2016,
	title = {Introductory econometrics: a modern approach},
	author = {Wooldridge, Jeffrey M.},
	year = {2016},
	date = {2016},
	publisher = {Cengage Learning},
	edition = {Sixth edition, student edition},
	address = {Boston, MA},
	langid = {en}
}

@book{remler2015,
	title = {Research methods in practice: strategies for description and causation},
	author = {Remler, Dahlia K. and Van Ryzin, Gregg G.},
	year = {2015},
	date = {2015},
	publisher = {SAGE},
	edition = {Second edition},
	address = {Los Angeles},
	langid = {en}
}

@article{eissa1996,
	title = {Labor Supply Response to the Earned Income Tax Credit},
	author = {Eissa, Nada and Liebman, Jeffrey B.},
	year = {1996},
	month = {05},
	date = {1996-05},
	journal = {Quarterly Journal of Economics},
	pages = {605--637},
	volume = {111},
	number = {2},
	doi = {10.2307/2946689},
	url = {http://proxy.library.georgetown.edu/login?url=https://search.ebscohost.com/login.aspx?direct=true&AuthType=ip,uid&db=bth&AN=9606211075&site=ehost-live&scope=site},
	note = {Publisher: Oxford University Press / USA}
}

@article{waldfogel1997,
	title = {The Effect of Children on Women's Wages},
	author = {Waldfogel, Jane},
	year = {1997},
	date = {1997},
	journal = {American Sociological Review},
	pages = {209--217},
	volume = {62},
	number = {2},
	doi = {10.2307/2657300},
	url = {https://www.jstor.org/stable/2657300},
	note = {Publisher: [American Sociological Association, Sage Publications, Inc.]}
}

@article{neal2020c,
	title = {Introduction to Causal Inference},
	author = {Neal, Brady},
	year = {2020},
	month = {12},
	date = {2020-12-17},
	langid = {en}
}

@article{neal2020d,
	title = {Introduction to Causal Inference},
	author = {Neal, Brady},
	year = {2020},
	month = {12},
	date = {2020-12-17},
	langid = {en}
}

@article{neal2020e,
	title = {Introduction to Causal Inference},
	author = {Neal, Brady},
	year = {2020},
	month = {12},
	date = {2020-12-17},
	langid = {en}
}

@inbook{pearl,
	title = {Confounding and Deconfounding: Or, Slaying The Lurking Variable},
	author = {Pearl, Judea},
	publisher = {Penguin Books},
	address = {Harlow, England}
}

@inbook{pearl2019,
	title = {Confounding and Deconfounding: Or, Slaying The Lurking Variable},
	author = {Pearl, Judea},
	year = {2019},
	date = {2019},
	publisher = {Penguin Books},
	address = {Harlow, England}
}

@inbook{pearl2019a,
	title = {Confounding and Deconfounding: Or, Slaying The Lurking Variable},
	author = {Pearl, Judea},
	year = {2019},
	date = {2019},
	publisher = {Penguin Books},
	address = {Harlow, England}
}

@inbook{pearl2019b,
	title = {Confounding and Deconfounding: Or, Slaying The Lurking Variable},
	author = {Pearl, Judea},
	year = {2019},
	date = {2019},
	publisher = {Penguin Books},
	address = {Harlow, England}
}

@article{harding2003,
	title = {Counterfactual Models of Neighborhood Effects: The Effect of Neighborhood Poverty on Dropping Out and Teenage Pregnancy},
	author = {Harding, {DavidÂ J.}},
	year = {2003},
	date = {2003},
	journal = {American Journal of Sociology},
	pages = {676--719},
	volume = {109},
	number = {3},
	doi = {10.1086/379217},
	url = {https://www.jstor.org/stable/10.1086/379217},
	note = {Publisher: The University of Chicago Press}
}

@article{miguel2004,
	title = {Economic Shocks and Civil Conflict: An Instrumental Variables Approach},
	author = {Miguel, Edward and Satyanath, Shanker and Sergenti, Ernest},
	year = {2004},
	month = {08},
	date = {2004-08},
	journal = {Journal of Political Economy},
	pages = {725--753},
	volume = {112},
	number = {4},
	doi = {10.1086/421174},
	url = {https://www.journals.uchicago.edu/doi/10.1086/421174},
	langid = {en}
}
